@misc{edgedroid2repo,
  author       = {{Olguín Muñoz}, Manuel},
  title        = {{EdgeDroid2} repository on {GitHub}},
  howpublished = {\url{https://github.com/molguin92/EdgeDroid2}},
  year         = {2022},
  note         = {[Accessed 06-Jun-2022]}
}

@article{olguinmunoz:impact2021,
  doi       = {10.1371/journal.pone.0248690},
  author    = {Olguín Muñoz, Manuel AND Klatzky, Roberta AND Wang, Junjue AND Pillai, Padmanabhan AND Satyanarayanan, Mahadev AND Gross, James},
  journal   = {PLOS ONE},
  publisher = {Public Library of Science},
  title     = {Impact of delayed response on wearable cognitive assistance},
  year      = {2021},
  month     = {03},
  volume    = {16},
  url       = {https://doi.org/10.1371/journal.pone.0248690},
  pages     = {1-25},
  number    = {3}
}

@inproceedings{olguin2018scaling,
  title        = {Scaling on the Edge--A Benchmarking Suite for Human-in-the-Loop Applicationss},
  author       = {Olgu{\'\i}n Mu{\~n}oz, Manuel and Wang, Junjue and Satyanarayanan, Mahadev and Gross, James},
  booktitle    = {2018 IEEE/ACM Symposium on Edge Computing (SEC)},
  pages        = {323--325},
  year         = {2018},
  organization = {IEEE}
}


@inproceedings{olguin2019edgedroid,
  title     = {EdgeDroid: An experimental approach to benchmarking human-in-the-loop applications},
  author    = {Olgu{\'\i}n Mu{\~n}oz, Manuel Osvaldo J and Wang, Junjue and Satyanarayanan, Mahadev and Gross, James},
  booktitle = {Proceedings of the 20th International Workshop on Mobile Computing Systems and Applications},
  pages     = {93--98},
  year      = {2019}
}


@article{oliver:bfi1999,
  title   = {The Big Five trait taxonomy: History, measurement, and theoretical perspectives},
  author  = {John, Oliver P and Srivastava, Sanjay and others},
  journal = {Handbook of personality: Theory and research},
  volume  = {2},
  number  = {1999},
  pages   = {102--138},
  year    = {1999}
}

@inproceedings{Chen2015LEGO,
  author    = {Chen, Zhuo and Jiang, Lu and Hu, Wenlu and Ha, Kiryong and Amos, Brandon and Pillai, Padmanabhan and Hauptmann, Alex and Satyanarayanan, Mahadev},
  title     = {Early Implementation Experience with Wearable Cognitive Assistance Applications},
  year      = {2015},
  isbn      = {9781450335003},
  publisher = {Association for Computing Machinery},
  address   = {New York, NY, USA},
  url       = {https://doi.org/10.1145/2753509.2753517},
  doi       = {10.1145/2753509.2753517},
  booktitle = {Proceedings of the 2015 Workshop on Wearable Systems and Applications},
  pages     = {33-38},
  numpages  = {6},
  keywords  = {cloud computing, gabriel, cyber foraging, cloudlet, wearable computing, computer vision, cognitive assistance, cloud offload, virtual machine, mobile computing, offload shaping},
  location  = {Florence, Italy},
  series    = {WearSys '15}
}

@inproceedings{Ha2014towards,
  author = {Ha, Kiryong and Chen, Zhuo and Hu, Wenlu and Richter, Wolfgang and Pillai, Padmanabhan and Satyanarayanan, Mahadev},
  title = {Towards Wearable Cognitive Assistance},
  year = {2014},
  isbn = {9781450327930},
  publisher = {Association for Computing Machinery},
  address = {New York, NY, USA},
  url = {https://doi.org/10.1145/2594368.2594383},
  doi = {10.1145/2594368.2594383},
  booktitle = {Proceedings of the 12th Annual International Conference on Mobile Systems, Applications, and Services},
  pages = {68-81},
  numpages = {14},
  keywords = {mobile computing, cloud computing, virtual machine, google glass, cloud offload, cloudlet, cyber foraging, wearable computing},
  location = {Bretton Woods, New Hampshire, USA},
  series = {MobiSys '14}
}

@article{Satya2019augmenting,
  title     = {Augmenting cognition through edge computing},
  author    = {Satyanarayanan, Mahadev and Davies, Nigel},
  journal   = {Computer},
  volume    = {52},
  number    = {7},
  pages     = {37--46},
  year      = {2019},
  publisher = {IEEE},
  doi={10.1109/MC.2019.2911878}
}

@phdthesis{Chen2018application,
  title  = {An application platform for wearable cognitive assistance},
  author = {Chen, Zhuo},
  year   = {2018},
  school = {Carnegie Mellon University},
  url = {https://elijah.cs.cmu.edu/DOCS/CMU-CS-18-104.pdf}
}

@phdthesis{Wang2020scaling,
  title  = {Scaling Wearable Cognitive Assistance},
  author = {Wang, Junjue},
  year   = {2020},
  school = {Carnegie Mellon University},
  url    = {http://reports-archive.adm.cs.cmu.edu/anon/anon/home/ftp/usr0/ftp/2020/CMU-CS-20-107.pdf}
}

@inproceedings{Wang2019Towards,
  title     = {Towards scalable edge-native applications},
  author    = {Wang, Junjue and Feng, Ziqiang and George, Shilpa and Iyengar, Roger and Pillai, Padmanabhan and Satyanarayanan, Mahadev},
  booktitle = {Proceedings of the 4th ACM/IEEE Symposium on Edge Computing},
  pages     = {152--165},
  year      = {2019}
}


@article{Palmer2011shapes,
  title     = {What are the shapes of response time distributions in visual search?},
  author    = {Palmer, Evan M and Horowitz, Todd S and Torralba, Antonio and Wolfe, Jeremy M},
  journal   = {Journal of experimental psychology: human perception and performance},
  volume    = {37},
  number    = {1},
  pages     = {58},
  year      = {2011},
  publisher = {American Psychological Association}
}

@article{Rohrer1994analysis,
  title     = {An analysis of latency and interresponse time in free recall},
  author    = {Rohrer, Doug and Wixted, John T},
  journal   = {Memory \& Cognition},
  volume    = {22},
  number    = {5},
  pages     = {511--524},
  year      = {1994},
  publisher = {Springer}
}

@article{Marmolejo2022generalised,
  title     = {Generalised exponential-Gaussian distribution: a method for neural reaction time analysis},
  author    = {Marmolejo-Ramos, Fernando and Barrera-Causil, Carlos and Kuang, Shenbing and Fazlali, Zeinab and Wegener, Detlef and Kneib, Thomas and De Bastiani, Fernanda and Martinez-Florez, Guillermo},
  journal   = {Cognitive Neurodynamics},
  pages     = {1--17},
  year      = {2022},
  publisher = {Springer}
}

@ARTICLE{Moothedath2022EnergyEfficient,
  author={Moothedath, Vishnu Narayanan and Champati, Jaya Prakash Varma and Gross, James},
  journal={IEEE Transactions on Mobile Computing},
  title={Energy Efficient Sampling Policies for Edge Computing Feedback Systems},   year={2022},
  volume={},
  number={},
  pages={1-1},
  doi={10.1109/TMC.2022.3165852}
}

@INPROCEEDINGS{Moothedath2021EnergyOptimal,
  author={Moothedath, Vishnu Narayanan and Champati, Jaya Prakash and Gross, James},  
  booktitle={IEEE International Conference on Communications Workshops (ICC Workshops)},
  title={Energy-Optimal Sampling of Edge-Based Feedback Systems},
  year={2021},
  volume={},
  number={},
  pages={1-6},
  doi={10.1109/ICCWorkshops50388.2021.9473894}
}

@inproceedings{CP_B,
  title={Optimal checkpoint placement with equality constraints},
  author={Dohi, Tadashi and Ozaki, Tatsuya and Kaio, Naoto},
  booktitle={2006 2nd IEEE International Symposium on Dependable, Autonomic and Secure Computing},
  pages={77--84}
}

@ARTICLE{CP_A,  author={Ozaki, T. and Dohi, T. and Okamura, H. and Kaio, N.},  journal={IEEE Transactions on Dependable and Secure Computing},   title={Distribution-free checkpoint placement algorithms based on min-max principle},   year={2006},  volume={3},  number={2},  pages={130-140},  doi={10.1109/TDSC.2006.22}}

@article{Satoshi1992Optimal,
author="Satoshi, Fukumoto and Naoto, Kaio and Shunji, Osaki",
title="Optimal Checkpointing Policies Using the Checkpointing Density",
journal="Journal of Information Processing",
ISSN="1882-6652",
year="1992",
month="03",
volume="15",
number="1",
pages="97-92"
}

@article{CP_D,
  title={A variational calculus approach to optimal checkpoint placement},
  author={Ling, Yibei and Mi, Jie and Lin, Xiaola},
  journal={IEEE Transactions on computers},
  volume={50},
  number={7},
  pages={699--708},
  year={2001},
  publisher={IEEE}
}

@article{Bellman1954Dynamic,
  title={Dynamic programming and a new formalism in the calculus of variations},
  author={Bellman, Richard},
  journal={Proceedings of the National Academy of Sciences of the United States of America},
  volume={40},
  number={4},
  pages={231},
  year={1954},
  publisher={National Academy of Sciences}
}
@inbook{Arfken2015Calculus,
author = {Arfken, George and Weber, Hans and Harris, Frank},
year = {2013},
month = {12},
pages = {1081-1124},
title = {Calculus of Variations},
isbn = {9780123846549},
}

@INPROCEEDINGS{Moothedath2022Aperiodic,
  author={Moothedath, Vishnu Narayanan},
  booktitle={IEEE/ACM Symposium on Edge Computing (SEC)},
  title={Energy-Optimal Sampling for Edge Computing Feedback Systems: Aperiodic Case (To be published)},
  year={2022},
  volume={},
  number={},
  pages={403-408},
  doi={}
}

@inproceedings{Chen2017Empirical,
  title     = {An empirical study of latency in an emerging class of edge computing applications for wearable cognitive assistance},
  author    = {Chen, Zhuo and Hu, Wenlu and Wang, Junjue and Zhao, Siyan and Amos, Brandon and Wu, Guanhang and Ha, Kiryong and Elgazzar, Khalid and Pillai, Padmanabhan and Klatzky, Roberta and others},
  booktitle = {Proceedings of the Second ACM/IEEE Symposium on Edge Computing},
  pages     = {1--14},
  year      = {2017}
}

@article{Funk2015Cognitive,
  title     = {Cognitive assistance in the workplace},
  author    = {Funk, Markus and Schmidt, Albrecht},
  journal   = {IEEE Pervasive Computing},
  volume    = {14},
  number    = {3},
  pages     = {53--55},
  year      = {2015},
  publisher = {IEEE}
}

@article{Wang2022Comprehensive,
  title     = {A comprehensive review of augmented reality-based instruction in manual assembly, training and repair},
  author    = {Wang, Zhuo and Bai, Xiaoliang and Zhang, Shusheng and Billinghurst, Mark and He, Weiping and Wang, Peng and Lan, Weiqi and Min, Haitao and Chen, Yu},
  journal   = {Robotics and Computer-Integrated Manufacturing},
  volume    = {78},
  pages     = {102407},
  year      = {2022},
  publisher = {Elsevier}
}

@article{witmer1998measuring,
  title     = {Measuring presence in virtual environments: A presence questionnaire},
  author    = {Witmer, Bob G and Singer, Michael J},
  journal   = {Presence},
  volume    = {7},
  number    = {3},
  pages     = {225--240},
  year      = {1998},
  publisher = {MIT Press}
}


@article{hirsh2008delay,
  title     = {Delay discounting: Interactions between personality and cognitive ability},
  author    = {Hirsh, Jacob B and Morisano, Dominique and Peterson, Jordan B},
  journal   = {Journal of research in personality},
  volume    = {42},
  number    = {6},
  pages     = {1646--1650},
  year      = {2008},
  publisher = {Elsevier}
}

@article{massey1951kolmogorov,
  title     = {The Kolmogorov-Smirnov test for goodness of fit},
  author    = {Massey Jr, Frank J},
  journal   = {Journal of the American statistical Association},
  volume    = {46},
  number    = {253},
  pages     = {68--78},
  year      = {1951},
  publisher = {Taylor \& Francis}
}

@article{lecci2021open,
  title     = {An Open Framework for Analyzing and Modeling {XR} Network Traffic},
  author    = {Lecci, Mattia and Drago, Matteo and Zanella, Andrea and Zorzi, Michele},
  journal   = {IEEE Access},
  volume    = {9},
  pages     = {129782--129795},
  year      = {2021},
  publisher = {IEEE}
}

@article{belletier2021wearable,
  title     = {Wearable cognitive assistants in a factory setting: a critical review of a promising way of enhancing cognitive performance and well-being},
  author    = {Belletier, Cl{\'e}ment and Charkhabi, Morteza and Pires de Andrade Silva, Gustavo and Ametepe, Kevin and Lutz, Mathieu and Izaute, Marie},
  journal   = {Cognition, Technology \& Work},
  volume    = {23},
  number    = {1},
  pages     = {103--116},
  year      = {2021},
  publisher = {Springer}
}

@incollection{pasman2001realistic,
  title     = {Realistic low-latency mobile AR rendering},
  author    = {Pasman, W and Persa, S and Jansen, FW},
  booktitle = {Virtual and Augmented Architecture (VAA’01)},
  pages     = {81--92},
  year      = {2001},
  publisher = {Springer}
}

@article{satyanarayanan2009case,
  title     = {The case for vm-based cloudlets in mobile computing},
  author    = {Satyanarayanan, Mahadev and Bahl, Paramvir and Caceres, Ram{\'o}n and Davies, Nigel},
  journal   = {IEEE pervasive Computing},
  volume    = {8},
  number    = {4},
  pages     = {14--23},
  year      = {2009},
  publisher = {IEEE}
}

@inproceedings{chetoui2022arbench,
  title        = {{ARBench}: Augmented Reality Benchmark For Mobile Devices},
  author       = {Chetoui, Sofiane and Shahi, Rahul and Abdelaziz, Seif and Golas, Abhinav and Hijaz, Farrukh and Reda, Sherief},
  booktitle    = {2022 IEEE International Symposium on Performance Analysis of Systems and Software (ISPASS)},
  pages        = {242--244},
  year         = {2022},
  organization = {IEEE}
}

@article{george2020openrtist,
  title     = {{OpenRTiST}: end-to-end benchmarking for edge computing},
  author    = {George, Shilpa and Eiszler, Thomas and Iyengar, Roger and Turki, Haithem and Feng, Ziqiang and Wang, Junjue and Pillai, Padmanabhan and Satyanarayanan, Mahadev},
  journal   = {IEEE Pervasive Computing},
  volume    = {19},
  number    = {4},
  pages     = {10--18},
  year      = {2020},
  publisher = {IEEE}
}

@article{jing2019neural,
  title     = {Neural style transfer: A review},
  author    = {Jing, Yongcheng and Yang, Yezhou and Feng, Zunlei and Ye, Jingwen and Yu, Yizhou and Song, Mingli},
  journal   = {IEEE transactions on visualization and computer graphics},
  volume    = {26},
  number    = {11},
  pages     = {3365--3385},
  year      = {2019},
  publisher = {IEEE}
}

@inproceedings{srinivasan2009performance,
  title        = {Performance characterization and optimization of mobile augmented reality on handheld platforms},
  author       = {Srinivasan, Sadagopan and Fang, Zhen and Iyer, Ravi and Zhang, Steven and Espig, Mike and Newell, Don and Cermak, Daniel and Wu, Yi and Kozintsev, Igor and Haussecker, Horst},
  booktitle    = {2009 IEEE International Symposium on Workload Characterization (IISWC)},
  pages        = {128--137},
  year         = {2009},
  organization = {IEEE}
}

@inproceedings{huang2021proactive,
  title        = {Proactive edge cloud optimization for mobile augmented reality applications},
  author       = {Huang, Zhaohui and Friderikos, Vasilis},
  booktitle    = {2021 IEEE Wireless Communications and Networking Conference (WCNC)},
  pages        = {1--6},
  year         = {2021},
  organization = {IEEE}
}

@inproceedings{cooper2010benchmarking,
  title     = {Benchmarking cloud serving systems with YCSB},
  author    = {Cooper, Brian F and Silberstein, Adam and Tam, Erwin and Ramakrishnan, Raghu and Sears, Russell},
  booktitle = {Proceedings of the 1st ACM symposium on Cloud computing},
  pages     = {143--154},
  year      = {2010}
}

@inproceedings{jia2013characterizing,
  title        = {Characterizing data analysis workloads in data centers},
  author       = {Jia, Zhen and Wang, Lei and Zhan, Jianfeng and Zhang, Lixin and Luo, Chunjie},
  booktitle    = {2013 IEEE International Symposium on Workload Characterization (IISWC)},
  pages        = {66--76},
  year         = {2013},
  organization = {IEEE}
}

@inproceedings{das2018edgebench,
  title        = {Edgebench: Benchmarking edge computing platforms},
  author       = {Das, Anirban and Patterson, Stacy and Wittie, Mike},
  booktitle    = {2018 IEEE/ACM International Conference on Utility and Cloud Computing Companion (UCC Companion)},
  pages        = {175--180},
  year         = {2018},
  organization = {IEEE}
}

@inproceedings{mcchesney2019defog,
  title     = {Defog: fog computing benchmarks},
  author    = {McChesney, Jonathan and Wang, Nan and Tanwer, Ashish and De Lara, Eyal and Varghese, Blesson},
  booktitle = {Proceedings of the 4th ACM/IEEE Symposium on Edge Computing},
  pages     = {47--58},
  year      = {2019}
}

@article{al2017energy,
  title     = {Energy-efficient resource allocation for mobile edge computing-based augmented reality applications},
  author    = {Al-Shuwaili, Ali and Simeone, Osvaldo},
  journal   = {IEEE Wireless Communications Letters},
  volume    = {6},
  number    = {3},
  pages     = {398--401},
  year      = {2017},
  publisher = {IEEE}
}
